<record><leader>00000cas a2200000 a 4500</leader><controlfield tag="001">43362963</controlfield><controlfield tag="008">000128c19999999cauwr ne      0   a0eng c</controlfield><datafield ind1=" " ind2=" " tag="010"><subfield code="a">   00214208 </subfield></datafield><datafield ind1=" " ind2=" " tag="040"><subfield code="a">BHP</subfield><subfield code="b">eng</subfield><subfield code="c">BHP</subfield><subfield code="d">NSD</subfield><subfield code="d">OCLCQ</subfield><subfield code="d">CLU</subfield><subfield code="d">OCLCQ</subfield><subfield code="d">OCLCF</subfield><subfield code="d">OCLCO</subfield></datafield><datafield ind1=" " ind2=" " tag="012"><subfield code="l">1</subfield></datafield><datafield ind1="1" ind2=" " tag="022"><subfield code="a">1528-851X</subfield><subfield code="l">1528-851X</subfield><subfield code="2">1</subfield></datafield><datafield ind1="1" ind2=" " tag="029"><subfield code="a">AU@</subfield><subfield code="b">000021383653</subfield></datafield><datafield ind1=" " ind2=" " tag="042"><subfield code="a">nsdp</subfield><subfield code="a">pcc</subfield></datafield><datafield ind1=" " ind2=" " tag="043"><subfield code="a">n-us-ca</subfield></datafield><datafield ind1=" " ind2="0" tag="222"><subfield code="a">Beverly Hills weekly</subfield></datafield><datafield ind1="0" ind2="0" tag="245"><subfield code="a">Beverly Hills weekly.</subfield></datafield><datafield ind1=" " ind2=" " tag="260"><subfield code="a">Beverly Hills, CA :</subfield><subfield code="b">Josh E. Gross,</subfield><subfield code="c">1999-</subfield></datafield><datafield ind1=" " ind2=" " tag="300"><subfield code="a">v. :</subfield><subfield code="b">ill. ;</subfield><subfield code="c">36 cm.</subfield></datafield><datafield ind1=" " ind2=" " tag="310"><subfield code="a">Weekly</subfield></datafield><datafield ind1="0" ind2=" " tag="362"><subfield code="a">Issue 1 (Oct. 7-13, 1999)-</subfield></datafield><datafield ind1=" " ind2=" " tag="500"><subfield code="a">Also issued online.</subfield></datafield><datafield ind1=" " ind2="0" tag="651"><subfield code="a">Beverly Hills (Calif.)</subfield><subfield code="v">Newspapers.</subfield></datafield><datafield ind1=" " ind2="0" tag="651"><subfield code="a">Los Angeles (Calif.)</subfield><subfield code="v">Newspapers.</subfield></datafield><datafield ind1=" " ind2="7" tag="655"><subfield code="a">Newspapers.</subfield><subfield code="2">fast</subfield><subfield code="0">(OCoLC)fst01423814</subfield></datafield><datafield ind1=" " ind2="7" tag="651"><subfield code="a">California</subfield><subfield code="z">Beverly Hills.</subfield><subfield code="2">fast</subfield><subfield code="0">(OCoLC)fst01208392</subfield></datafield><datafield ind1=" " ind2="7" tag="651"><subfield code="a">California</subfield><subfield code="z">Los Angeles.</subfield><subfield code="2">fast</subfield><subfield code="0">(OCoLC)fst01204540</subfield></datafield><datafield ind1=" " ind2=" " tag="752"><subfield code="a">United States</subfield><subfield code="b">California</subfield><subfield code="c">Los Angeles</subfield><subfield code="d">Beverly Hills.</subfield></datafield><datafield ind1="4" ind2="1" tag="856"><subfield code="u">http://bibpurl.oclc.org/web/9054</subfield><subfield code="u">http://www.bhweekly.com</subfield></datafield></record>